% bibl.bib

@misc{Friction,
  title={Friction measurement methods and the correlation between road friction and traffic safety: A literature review},
  author={{Carl-Gustaf Wallman \& Henrik Åström}},
  year={2001},
  howpublished={VTI meddelande, ISSN 0347-6049 ; 911A}
}