% bibl.bib

@misc{Friction,
  author={Carl-Gustaf Wallman and Henrik Åström},
  title={Friction measurement methods and the correlation between road friction and traffic safety: A literature review},
  howpublished={VTI meddelande, ISSN 0347-6049 ; 911A},
  year={2001}
}

@misc{coumans2022,
  author =   {Erwin Coumans and Yunfei Bai},
  title =    {PyBullet, a Python module for physics simulation for games, robotics and machine learning},
  howpublished = {\url{http://pybullet.org}},
  year = {2016--2022}
}

@misc{Treldal,
  author   = {Jan Arild Hansen},
  title    = {Monstervogntog har sakset: – De vil nok få store problemer med å komme seg videre},
  howpublished = {\url{https://www.fremover.no/monstervogntog-har-sakset-de-vil-nok-fa-store-problemer-med-a-komme-seg-videre/s/5-17-948057}},
  journal  = {Fremover},
  year     = {2022}
}

@misc{Taraldsvikbakken,
  author   = {Jørn Indresand},
  title    = {Sperret begge kjørefeltene i Taraldsvikbakken: – Det var ekstremt glatt},
  howpublished = {\url{https://www.fremover.no/sperret-begge-kjorefeltene-i-taraldsvikbakken-det-var-ekstremt-glatt/s/5-17-939410}},
  journal  = {Fremover},
  year     = {2022}
}

@misc{urdf,
  author =   {MathWorks},
  title =    {URDF Primer},
  howpublished = {\url{https://www.mathworks.com/help/physmod/sm/ug/urdf-model-import.html}},
  year = {2022}
}

@misc{fric1,
  author =   {Kanwar Bharat Singh and Saied Taheri},
  title =    {Estimation of tire–road friction coefficient and its application in chassis control systems},
  howpublished = {\url{https://www.tandfonline.com/doi/full/10.1080/21642583.2014.985804}},
  year = {2014}
}

@misc{fric2,
  author =   {Behrouz Mataei and Hamzeh Zakeri and Mohsen Zahedi and Fereidoon Moghadas Nejad},
  title =    {Pavement Friction and Skid Resistance Measurement Methods: A Literature Review},
  howpublished = {\url{https://www.scirp.org/(S(351jmbntvnsjt1aadkposzje))/journal/paperinformation.aspx?paperid=70357}},
  year = {2016}
}

@misc{frictionEstimation,
  author =   {Seyedmeysam Khaleghian and Anahita Emami and Saied Taheri},
  title =    {A technical survey on tire-road friction estimation},
  howpublished = {\url{https://link.springer.com/content/pdf/10.1007/s40544-017-0151-0.pdf}},
  year = {2017}
}

@misc{vegvesene,
  author =   {Inge Bolme},
  title =    {Dekktester for tunge kjøretøy},
  howpublished = {\url{https://vegvesen.brage.unit.no/vegvesen-xmlui/bitstream/handle/11250/2611344/Dekktester%20for%20tunge%20kj%C3%B8ret%C3%B8y%20SVV%20rapport%20553%20%286MB%29.pdf?sequence=1&isAllowed=y}},
  year = {2019}
}

@misc{piTeorem,
  author =   {Wikipedia},
  title =    {Buckingham $\pi$ theorem},
  howpublished = {\url{https://en.wikipedia.org/wiki/Buckingham_%CF%80_theorem}},
  year = {2022},
  note = {"Accessed 17.03.2022. Last edited 09.02.2022"}
}

@misc{R520,
  author =   {{Scania (Great Britain) Limited}},
  title =    {R 520la6x4esz},
  howpublished = {\url{https://www.scania.com/content/dam/scanianoe/market/uk/brochures/truck/spec-sheets/r-series/spec-sheet-scania-r520la6x4esz.PDF}},
  year = {2015}
}

@misc{R580,
  author =   {Scania},
  title =    {R 580 6X4 PRIME MOVER Chassis Specification},
  howpublished = {\url{https://www.scania.com/content/dam/scanianoe/market/au/experience-scania/spec-sheets/R580_6x4_Specifications.pdf}},
  year = {2020}
}

@misc{2021Truck,
  author =   {Hans Kristian Barbøl},
  title =    {Lastebilsalget 2021: Scania på topp},
  howpublished = {\url{https://www.at.no/transport/lastebilsalget-2021-scania-pa-topp/628462}},
  year = {2022}
}

@misc{Scania,
  author =   {Scania},
  title =    {R-serie – spesifikasjoner OPTIMALISERT FOR DIN VIRKSOMHET},
  howpublished = {\url{https://www.scania.com/no/no/home/products/trucks/r-series/r-series-specifications.html}},
  year = {2022},
  note = {"Accessed 05.04.2022."}
}

@misc{narviking,
  author =   {{VIKING REDNINGSTJENESTE}},
  title =    {VELKOMMEN TIL VIKING REDNINGSTJENESTE (NARVIKING AS)},
  howpublished = {\url{https://www.narviking.com/kontakt-oss-bilberging-narvik}},
  year = {2022}
}

@misc{carSIM,
  author =   {Marco Monster},
  title =    {Car Physics for Games},
  howpublished = {\url{https://asawicki.info/Mirror/Car%20Physics%20for%20Games/Car%20Physics%20for%20Games.html}},
  year = {2003}
}

@misc{carMODEL,
  author =   {Anthony Stark},
  title =    {Vehicle acceleration and maximum speed modeling and simulation},
  howpublished = {\url{https://x-engineer.org/vehicle-acceleration-maximum-speed-modeling-simulation/}},
  year = {2022},
  note = {"Accessed 08.04.2022."}
}

@misc{vegkart,
  author =   {the Norwegian Public Roads Administration},
  title =    {Vegkart},
  howpublished = {\url{https://vegkart.atlas.vegvesen.no/#kartlag:topo4/@600033,7594202,18/hva:!(id~825)~/vegnett:geometri~+()~/valgt:1013714640:825/vegsystemreferanse:0:0}},
  year = {2022},
  note = {"Accessed 04.05.2022."}
}

@misc{repo,
  author =   {Tanja Emilie Henriksen},
  title =    {HillAscension\_sim},
  howpublished = {\url{https://github.com/tanjaeh/HillAscension_sim}},
  year = {2022},
  note = {"Last changed 09.05.2022."}
}

@misc{xlrd,
  author =   {Stephen John Machin and Lingfo Pty and Chris Withers Revision},
  title =    {xlrd},
  howpublished = {\url{https://xlrd.readthedocs.io/en/latest/#}},
  year = {2022},
  note = {"Accessed 09.05.2022."}
}

@misc{plt,
  author =   {{The Matplotlib development team}},
  title =    {Matplotlib},
  howpublished = {\url{https://matplotlib.org/3.5.0/index.html}},
  year = {2022},
  note = {"Accessed 09.05.2022."}
}

@misc{pandas,
  author =   {{The pandas development team}},
  title =    {pandas},
  howpublished = {\url{https://pandas.pydata.org/}},
  year = {2022},
  note = {"Accessed 09.05.2022."}
}

@misc{numpy,
  author =   {NumPy.All},
  title =    {NumPy},
  howpublished = {\url{https://numpy.org/}},
  year = {2022},
  note = {"Accessed 09.05.2022."}
}